@article{P_nek_2006,
  title = {{Reinstallation of the COMPASS-D tokamak in IPP ASCR}},
  volume = {56},
  issn = {1572-9486},
  url = {http://dx.doi.org/10.1007/s10582-006-0188-1},
  doi = {10.1007/s10582-006-0188-1},
  number = {S2},
  journal = {Czech J Phys},
  publisher = {Springer Science + Business Media},
  author = {Pánek R. and Bilyková, O. and Fuchs, V. and Hron, M. and Chráska, P. and Pavlo, P. and Stöckel, J. and Urban, J. and Weinzettl, V. and Zajac, J. and et al.},
  year = {2006},
  month = {Oct},
  pages = {B125–B137},
}
